@article{van2011online,
  title={Online video game addiction: identification of addicted adolescent gamers},
  author={Van Rooij, Antonius J and Schoenmakers, Tim M and Vermulst, Ad A and Van Den Eijnden, Regina JJM and Van De Mheen, Dike},
  journal={addiction},
  volume={106},
  number={1},
  pages={205--212},
  year={2011},
  publisher={Wiley Online Library}
}

@article{elverdam2007game,
  title={Game classification and game design: Construction through critical analysis},
  author={Elverdam, Christian and Aarseth, Espen},
  journal={Games and Culture},
  volume={2},
  number={1},
  pages={3--22},
  year={2007},
  publisher={Sage Publications Sage CA: Thousand Oaks, CA}
}

@article{gentile2009pathological,
  title={Pathological video-game use among youth ages 8 to 18: a national study},
  author={Gentile, Douglas},
  journal={Psychological science},
  volume={20},
  number={5},
  pages={594--602},
  year={2009},
  publisher={SAGE Publications Sage CA: Los Angeles, CA}
}

@article{grusser2006excessive,
  title={Excessive computer game playing: evidence for addiction and aggression?},
  author={Gr{\"u}sser, Sabine M and Thalemann, Ralf and Griffiths, Mark D},
  journal={CyberPsychology \& Behavior},
  volume={10},
  number={2},
  pages={290--292},
  year={2006},
  publisher={Mary Ann Liebert, Inc. 2 Madison Avenue Larchmont, NY 10538 USA}
}

@article{griffiths2005components,
  title={A ‘components’ model of addiction within a biopsychosocial framework},
  author={Griffiths, Mark},
  journal={Journal of Substance use},
  volume={10},
  number={4},
  pages={191--197},
  year={2005},
  publisher={Taylor \& Francis}
}

@article{hussain2012online,
  title={Online gaming addiction: Classification, prediction and associated risk factors},
  author={Hussain, Zaheer and Griffiths, Mark D and Baguley, Thom},
  journal={Addiction Research \& Theory},
  volume={20},
  number={5},
  pages={359--371},
  year={2012},
  publisher={Taylor \& Francis}
}

@article{klasen2011neural,
  title={Neural contributions to flow experience during video game playing},
  author={Klasen, Martin and Weber, Ren{\'e} and Kircher, Tilo TJ and Mathiak, Krystyna A and Mathiak, Klaus},
  journal={Social cognitive and affective neuroscience},
  volume={7},
  number={4},
  pages={485--495},
  year={2011},
  publisher={Oxford University Press}
}