@article{bavelieretal2011,
title = {Brains on video games}, 
author = {Bavelier, D. and Green, C. S. and Han, D. H. and  Renshaw, P. F. and Merzenich, M. M. and  Gentile, D. A.}, 
journal = {Nature Reviews Neuroscience}, 
year = {2011},
language={en},
}
