@article{bavelieretal2011,
title = {Brains on video games}, 
author = {Bavelier, D. and Green, C. S. and Han, D. H. and  Renshaw, P. F. and Merzenich, M. M. and  Gentile, D. A.}, 
journal = {Nature Reviews Neuroscience}, 
year = {2011},
language={en},
}，

@article{anguera2016characterizing,
  title={Characterizing cognitive control abilities in children with 16p11. 2 deletion using adaptive ‘video game’technology: a pilot study},
  author={Anguera, J.A. and Brandes-Aitken, A.N. and Rolle, C.E. and Skinner, S.N. and Desai, S.S. and Bower, J.D. and Martucci, WE and Chung, W.K. and Sherr, E.H. and Marco, EJ},
  journal={Translational psychiatry},
  volume={6},
  number={9},
  pages={e893},
  year={2016},
  publisher={Nature Publishing Group}
},

@book{Boyd2014,
 author = {Boyd, Danah},
 title = {It's Complicated: The Social Lives of Networked Teens},
 year = {2014},
 isbn = {0300166311, 9780300166316},
 publisher = {Yale University Press},
 address = {New Haven, CT, USA},
},
@article{van2011online,
  title={Online video game addiction: identification of addicted adolescent gamers},
  author={Van Rooij, Antonius J and Schoenmakers, Tim M and Vermulst, Ad A and Van Den Eijnden, Regina JJM and Van De Mheen, Dike},
  journal={addiction},
  volume={106},
  number={1},
  pages={205--212},
  year={2011},
  publisher={Wiley Online Library}
},
@article{flora2018smartphones,
  title={Are Smartphones Really Destroying the Adolescent Brain?},
  author={Flora, Carlin},
  journal={Scientific American},
  volume={318},
  number={2},
  pages={30--37},
  year={2018},
  publisher={Nature Publishing Group}
},
@article{correa2010interacts,
  title={Who interacts on the Web?: The intersection of users’ personality and social media use},
  author={Correa, Teresa and Hinsley, Amber Willard and De Zuniga, Homero Gil},
  journal={Computers in Human Behavior},
  volume={26},
  number={2},
  pages={247--253},
  year={2010},
  publisher={Elsevier}
},
@article{kietzmann2011social,
  title={Social media? Get serious! Understanding the functional building blocks of social media},
  author={Kietzmann, Jan H and Hermkens, Kristopher and McCarthy, Ian P and Silvestre, Bruno S},
  journal={Business horizons},
  volume={54},
  number={3},
  pages={241--251},
  year={2011},
  publisher={Elsevier}
},
@article{牛更枫2016青少年社交网站使用对自我概念清晰性的影响,
  title={青少年社交网站使用对自我概念清晰性的影响: 社会比较的中介作用},
  author={牛更枫 and 孙晓军 and 周宗奎 and 田媛 and 刘庆奇 and 连帅磊},
  journal={心理科学},
  volume={39},
  number={1},
  pages={97--102},
  year={2016}
},
@article{杨晓辉2014电子媒体的使用与儿童发展,
  title={电子媒体的使用与儿童发展},
  author={杨晓辉 and 王腊梅 and 朱莉琪},
  journal={心理科学},
  volume={37},
  number={4},
  pages={920--924},
  year={2014}
},
@article{turel2016problematic,
  title={Problematic use of social networking sites: antecedents and consequence from a dual-system theory perspective},
  author={Turel, Ofir and Qahri-Saremi, Hamed},
  journal={Journal of Management Information Systems},
  volume={33},
  number={4},
  pages={1087--1116},
  year={2016},
  publisher={Taylor \& Francis}
},
@article{he2017brain,
  title={Brain anatomy alterations associated with Social Networking Site (SNS) addiction},
  author={He, Qinghua and Turel, Ofir and Bechara, Antoine},
  journal={Scientific Reports},
  volume={7},
  pages={45064},
  year={2017},
  publisher={Nature Publishing Group}
},
@article{turel2018delay,
  title={Delay discounting mediates the association between posterior insular cortex volume and social media addiction symptoms},
  author={Turel, Ofir and He, Qinghua and Brevers, Damien and Bechara, Antoine},
  journal={Cognitive, Affective, \& Behavioral Neuroscience},
  pages={1--11},
  year={2018},
  publisher={Springer}
},
@article{chassiakos2016children,
  title={Children and adolescents and digital media},
  author={Chassiakos, Yolanda Linda Reid and Radesky, Jenny and Christakis, Dimitri and Moreno, Megan A and Cross, Corinn and others},
  journal={Pediatrics},
  volume={138},
  number={5},
  pages={e20162593},
  year={2016},
  publisher={Am Acad Pediatrics}
},
@article{johnson2008internet,
  title={Internet use during childhood and the ecological techno-subsystem},
  author={Johnson, Genevieve Marie and Puplampu, Korbla P},
  journal={Canadian Journal of Learning and Technology/La revue canadienne de l’apprentissage et de la technologie},
  volume={34},
  number={1},
  year={2008}
},
@article{hartanto2016smartphone,
  title={Is the smartphone a smart choice? The effect of smartphone separation on executive functions},
  author={Hartanto, Andree and Yang, Hwajin},
  journal={Computers in Human Behavior},
  volume={64},
  pages={329--336},
  year={2016},
  publisher={Elsevier}
}



