@article{bavelieretal2011,
title = {Brains on video games}, 
author = {Bavelier, D. and Green, C. S. and Han, D. H. and  Renshaw, P. F. and Merzenich, M. M. and  Gentile, D. A.}, 
journal = {Nature Reviews Neuroscience}, 
year = {2011},
language={en},
}，

@article{anguera2016characterizing,
  title={Characterizing cognitive control abilities in children with 16p11. 2 deletion using adaptive ‘video game’technology: a pilot study},
  author={Anguera, J.A. and Brandes-Aitken, A.N. and Rolle, C.E. and Skinner, S.N. and Desai, S.S. and Bower, J.D. and Martucci, WE and Chung, W.K. and Sherr, E.H. and Marco, EJ},
  journal={Translational psychiatry},
  volume={6},
  number={9},
  pages={e893},
  year={2016},
  publisher={Nature Publishing Group}
},

@book{Boyd2014,
 author = {Boyd, Danah},
 title = {It's Complicated: The Social Lives of Networked Teens},
 year = {2014},
 isbn = {0300166311, 9780300166316},
 publisher = {Yale University Press},
 address = {New Haven, CT, USA},
} 


