@article{bavelieretal2011,
title = {Brains on video games}, 
author = {Bavelier, D. and Green, C. S. and Han, D. H. and  Renshaw, P. F. and Merzenich, M. M. and  Gentile, D. A.}, 
journal = {Nature Reviews Neuroscience}, 
year = {2011},
language={en},
}，

@article{anguera2016characterizing,
  title={Characterizing cognitive control abilities in children with 16p11. 2 deletion using adaptive ‘video game’technology: a pilot study},
  author={Anguera, J.A. and Brandes-Aitken, A.N. and Rolle, C.E. and Skinner, S.N. and Desai, S.S. and Bower, J.D. and Martucci, WE and Chung, W.K. and Sherr, E.H. and Marco, EJ},
  journal={Translational psychiatry},
  volume={6},
  number={9},
  pages={e893},
  year={2016},
  publisher={Nature Publishing Group}
},

@book{Boyd2014,
 author = {Boyd, Danah},
 title = {It's Complicated: The Social Lives of Networked Teens},
 year = {2014},
 isbn = {0300166311, 9780300166316},
 publisher = {Yale University Press},
 address = {New Haven, CT, USA},
} 

@article{zhou2018succumb,
  title={Succumb to habit: Behavioral evidence for overreliance on habit learning in Internet addicts},
  author={Zhou, Bingping and Wang, Wei and Zhang, Wei and Li, Ye and Nie, Jia},
  journal={Computers in Human Behavior},
  volume={89},
  pages={230--236},
  year={2018},
  publisher={Elsevier}
}

@article{meshi2015emerging,
  title={The emerging neuroscience of social media},
  author={Meshi, Dar and Tamir, Diana I and Heekeren, Hauke R},
  journal={Trends in cognitive sciences},
  volume={19},
  number={12},
  pages={771--782},
  year={2015},
  publisher={Elsevier}
}

@article{zhao2018effect,
  title={Effect of achievement motivation on cognitive control adaptations},
  author={Zhao, Xin and Jia, Lina and Maes, Joseph HR},
  journal={Journal of Cognitive Psychology},
  volume={30},
  number={4},
  pages={453--465},
  year={2018},
  publisher={Taylor \& Francis}
}

@article{kuss2011online,
  title={Online social networking and addiction—a review of the psychological literature},
  author={Kuss, Daria J and Griffiths, Mark D},
  journal={International journal of environmental research and public health},
  volume={8},
  number={9},
  pages={3528--3552},
  year={2011},
  publisher={Molecular Diversity Preservation International}
}

@article{o2011clinical,
  title={Clinical report—the impact of social media on children, adolescents, and families},
  author={O'Keeffe, Gwenn Schurgin and Clarke-Pearson, Kathleen and others},
  journal={Pediatrics},
  pages={peds--2011},
  year={2011},
  publisher={Am Acad Pediatrics}
}

@article{council2016media,
  title={Media use in school-aged children and adolescents.},
  author={COUNCIL, ON COMMUNICATIONS and others},
  journal={Pediatrics},
  volume={138},
  number={5},
  year={2016}
}

@article{wright2013communication,
  title={Communication competence, social support, and depression among college students: a model of facebook and face-to-face support network influence},
  author={Wright, Kevin B and Rosenberg, Jenny and Egbert, Nicole and Ploeger, Nicole A and Bernard, Daniel R and King, Shawn},
  journal={Journal of health communication},
  volume={18},
  number={1},
  pages={41--57},
  year={2013},
  publisher={Taylor \& Francis}
}

@article{蒋军2012无意识信息引发的认知控制及其神经机制,
  title={无意识信息引发的认知控制及其神经机制},
  author={蒋军 and 陈安涛 and 张蔚蔚 and 张庆林},
  journal={心理科学进展},
  volume={20},
  number={10},
  pages={1573--1584},
  year={2012}
}

@article{李琦2015网络成瘾者奖赏系统和认知控制系统的神经机制,
  title={网络成瘾者奖赏系统和认知控制系统的神经机制},
  author={李琦 and 齐玥 and 田莫千 and 张侃 and 刘勋 and others},
  journal={Progress in Biochemistry and Biophysics},
  volume={42},
  number={1},
  pages={32--40},
  year={2015}
}

@article{boyd2007youth,
  title={Why youth (heart) social network sites: The role of networked publics in teenage social life},
  author={Boyd, Danah},
  journal={MacArthur foundation series on digital learning--Youth, identity, and digital media volume},
  volume={119},
  pages={142},
  year={2007}
}


