@article{bavelieretal2011,
title = {Brains on video games}, 
author = {Bavelier, D. and Green, C. S. and Han, D. H. and  Renshaw, P. F. and Merzenich, M. M. and  Gentile, D. A.}, 
journal = {Nature Reviews Neuroscience}, 
year = {2011},
language={en},
}，

@article{anguera2016characterizing,
  title={Characterizing cognitive control abilities in children with 16p11. 2 deletion using adaptive ‘video game’technology: a pilot study},
  author={Anguera, J.A. and Brandes-Aitken, A.N. and Rolle, C.E. and Skinner, S.N. and Desai, S.S. and Bower, J.D. and Martucci, WE and Chung, W.K. and Sherr, E.H. and Marco, EJ},
  journal={Translational psychiatry},
  volume={6},
  number={9},
  pages={e893},
  year={2016},
  publisher={Nature Publishing Group}
},

@book{Boyd2014,
 author = {Boyd, Danah},
 title = {It's Complicated: The Social Lives of Networked Teens},
 year = {2014},
 isbn = {0300166311, 9780300166316},
 publisher = {Yale University Press},
 address = {New Haven, CT, USA},
} 

@article{young1998internet,
  title={Internet addiction: The emergence of a new clinical disorder},
  author={Young, Kimberly S},
  journal={Cyberpsychology \& behavior},
  volume={1},
  number={3},
  pages={237--244},
  year={1998}
}

@article{lemmens2009development,
  title={Development and validation of a game addiction scale for adolescents},
  author={Lemmens, Jeroen S and Valkenburg, Patti M and Peter, Jochen},
  journal={Media psychology},
  volume={12},
  number={1},
  pages={77--95},
  year={2009},
  publisher={Taylor \& Francis}
}

@article{徐琳琳2011网络中的虚拟自我新探,
  title={网络中的虚拟自我新探},
  author={徐琳琳 and 王前},
  journal={自然辩证法研究},
  number={2},
  pages={90-95},
  year={2011},
}

@article{choi2018gaming,
  title={Gaming-addicted teens identify more with their cyber-self than their own self: neural evidence},
  author={Choi, Eun Jung and Taylor, Margot J and Hong, Soon-Beom and Kim, Changdai and Kim, Jae-Won and McIntyre, Roger S and Yi, Soon-Hyung},
  journal={Psychiatry Research: Neuroimaging},
  year={2018},
  publisher={Elsevier}
}

@article{paulus2018internet,
  title={Internet gaming disorder in children and adolescents: a systematic review},
  author={Paulus, Frank W and Ohmann, Susanne and von Gontard, Alexander and Popow, Christian},
  journal={Developmental Medicine \& Child Neurology},
  year={2018},
  publisher={Wiley Online Library}
}

@article{gentile2009effects,
  title={The effects of prosocial video games on prosocial behaviors: International evidence from correlational, longitudinal, and experimental studies},
  author={Gentile, Douglas A and Anderson, Craig A and Yukawa, Shintaro and Ihori, Nobuko and Saleem, Muniba and Ming, Lim Kam and Shibuya, Akiko and Liau, Albert K and Khoo, Angeline and Bushman, Brad J and others},
  journal={Personality and Social Psychology Bulletin},
  volume={35},
  number={6},
  pages={752--763},
  year={2009},
  publisher={Sage Publications Sage CA: Los Angeles, CA}
}

@article{carnagey2005effects,
  title={The effects of reward and punishment in violent video games on aggressive affect, cognition, and behavior},
  author={Carnagey, Nicholas L and Anderson, Craig A},
  journal={Psychological science},
  volume={16},
  number={11},
  pages={882--889},
  year={2005},
  publisher={SAGE Publications Sage CA: Los Angeles, CA}
}

@article{HASAN2018328,
title = "Corrigendum to “The more you play, the more aggressive you become: A long-term experimental study of cumulative violent video game effects on hostile expectations and aggressive behavior” [J. Exp. Soc. Psychol., 49 (2), 224–227]",
journal = "Journal of Experimental Social Psychology",
volume = "74",
pages = "328",
year = "2018",
issn = "0022-1031",
doi = "https://doi.org/10.1016/j.jesp.2017.08.009",
url = "http://www.sciencedirect.com/science/article/pii/S0022103117306224",
author = "Youssef Hasan and Laurent Bègue and Michael Scharkow and Brad J. Bushman"
}

@article{靳宇倡 2014 暴力游戏对青少年攻击性认知影响的文化差异:基于元分析视角,
author={靳宇倡 and 李俊一},
title={暴力游戏对青少年攻击性认知影响的文化差异:基于元分析视角},
journal={心理科学进展},
year={2014},
number={8},
pages={1226-1235},
month={9},
}

@article{carnagey2005effects,
  title={The effects of reward and punishment in violent video games on aggressive affect, cognition, and behavior},
  author={Carnagey, Nicholas L and Anderson, Craig A},
  journal={Psychological science},
  volume={16},
  number={11},
  pages={882--889},
  year={2005},
  publisher={SAGE Publications Sage CA: Los Angeles, CA}
}

